@thesis{Luptak2016,
AUTHOR = "Lupták, Dávid",
TITLE = "Sazba bibliografie dle normy ISO 690",
HOWPUBLISHED = "online",
URLDATE = "2016-06-14",
TYPE = "Bakalářská práce", 
SCHOOL = "Masarykova univerzita, Fakulta informatiky, Brno",
SUPERVISOR = "Petr Sojka", 
URL = "http://is.muni.cz/th/422640/fi_b/",
}

@misc{Ryan1998,
  title = {Saving Private Ryan},
  howpublished = {DVD},
  editora = {Steven Spielberg},
  editoratype = {Réžia},
  publisher = {Paramount},
  date = {1998}
}

@misc{LibreOfficeLatest,
  author = {Ruediger Timm and others},
  title = {Libre Office},
  howpublished = {softvér},
  publisher = {The Document Foundation},
  % labeldatesource = {Copyright (c)},
  date = {2000/2016},
  version = {5.2.3},
  url = {https://www.libreoffice.org/download/libreoffice-fresh},
  urldate = {2016-11-08},
  note = {Požiadavky na systém: Linux kernel verzie 2.6.18 alebo vyššej,\dots\ 256Mb RAM (512Mb RAM odporúčané),\dots}
}

@patent{Groll2008,
  author = {Clad Metals LLC Canonsburg, PA 15317 (US)},
  title = {Method of making a copper core five-ply composite and cooking vessel},
  editora = {Groll, W.A.},
  editoratype = {Vynálezca:},
  publisher = {Google Patents},
  classification = {EP 1 094 937 B1},
  type = {patenteu},
  date = {2008-07-30},
  url = {https://encrypted.google.com/patents/EP1094937B1},
}
