@inproceedings{Klimos2015complete,
  author = {Miroslav Klimoš and Antonín Kučera},
  title = {Cobra},
  subtitle = {A Tool for Solving General Deductive Games},
  booktitle = {Logic for Programming, Artificial Intelligence, and Reasoning},
  booksubtitle = {20th International Conference, LPAR-20 2015 Suva, Fiji, November 24--28, 2015, Proceedings},
  editor = {Davis, Martin and Fehnker, Ansgar and McIver, Annabelle and Voronkov, Andrei},
  publisher = {Springer Berlin Heidelberg},
  location = {Berlin, Heidelberg},
  series = {Lecture Notes in Computer Science},
  number = {9450},
  date = {2015},
  pages = {31--47},
  isbn = {978-3-662-48899-7},
  % issn = {1611-3349},
  doi = {10.1007/978-3-662-48899-7_3},
  urldate = {2016-06-15},
}

@inproceedings{Klimos2015minimal,
  author = {Miroslav Klimoš and Antonín Kučera},
  title = {Cobra},
  subtitle = {A Tool for Solving General Deductive Games},
  booktitle = {Proceedings of 20th International Conference on Logic for Programming, Artificial Intelligence and Reasoning (LPAR 2015)},
  publisher = {Springer},
  location = {Heidelberg},
  series = {LNCS},
  number = {9450},
  date = {2015},
  pages = {31--47},
  isbn = {978-3-662-48899-7},
  doi = {10.1007/978-3-662-48899-7_3},
  urldate = {2016-06-15},
}

@misc{LuptakMisc,
AUTHOR = "LUPTÁK, Dávid",
TITLE = "Sazba bibliografie dle normy ISO 690 [online]",
YEAR = " [cit. 2016-06-14]",
TYPE = "Bakalářská práce", 
SCHOOL = "Masarykova univerzita, Fakulta informatiky, Brno",
SUPERVISOR = "Petr Sojka", 
URL = "Dostupné z~WWW <http://is.muni.cz/th/422640/fi_b/>",
}

@thesis{LuptakThesis,
AUTHOR = "LUPTÁK, Dávid",
TITLE = "Sazba bibliografie dle normy ISO 690 [online]",
YEAR = " [cit. 2016-06-14]",
TYPE = "Bakalářská práce", 
SCHOOL = "Masarykova univerzita, Fakulta informatiky, Brno",
SUPERVISOR = "Petr Sojka", 
URL = "Dostupné z~WWW <http://is.muni.cz/th/422640/fi_b/>",
}

@thesis{Luptak2016,
AUTHOR = "Lupták, Dávid",
TITLE = "Sazba bibliografie dle normy ISO 690",
HOWPUBLISHED = "online",
URLDATE = "2016-06-14",
TYPE = "Bakalářská práce", 
SCHOOL = "Masarykova univerzita, Fakulta informatiky, Brno",
SUPERVISOR = "Petr Sojka", 
URL = "http://is.muni.cz/th/422640/fi_b/",
}

@book{Priezvisko2016,
  author = {Priezvisko},
  title = {Názov},
  subtitle = {podnázov},
  publisher = {Nakladateľstvo},
  address = {Miesto},
  year = {2016},
  edition = {revidované vydanie},
}

@book{Editor,
  editor = {Ján Novák},
  title = {Veľdielo},
  publisher = {Nakladateľstvo},
  location = {Miesto},
  date = {2016},
}

@book{AuthorEditor,
  author = {Peter Kováč},
  editor = {Ján Novák},
  title = {Veľdielo},
  publisher = {Nakladateľstvo},
  location = {Miesto},
  date = {2016},
}
