@book{Krcal2014,
  author = {Martin Krčál and Zuzana Teplíková},
  title = {Naučte (se) citovat},
  publisher = {Citace.com},
  address = {Blansko},
  year = {2014},
  ISBN = {978-80-260-6074-1},
}

@article{Ansorge2013,
  author = {Ansorge, Libor and Kratochvíl, Jiří},
  location = {Brno},
  number = {2},
  keywords = {Zotero;reference manager;publication ethics;ISO 690;citing;citation style template;Citation Style Language;citation ethics},
  language = {cze},
  issn = {1804-2406},
  journal = {ProInflow},
  title = {Popis šablony ČSN ISO 690:2011 v jazyce CSL pro citační manažer Zotero},
  url = {http://pro.inflow.cz/sites/default/files/pdfclanky/Kratochvil_Ansorge_Sablona_0.pdf},
  volume = {5},
  year = {2013},
}

@book{Puckett2011,
  author = {Jason Puckett},
  title = {Zotero},
  subtitle = {a guide for librarians, researchers, and educators},
  publisher = {Association of College and Research Libraries},
  address = {Chicago},
  year = {2011},
  ISBN = {978-0-8389-8589-2},
}

@article{ZoteroTranslators,
  journaltitle = {Zotero Documentation},
  title = {Zotero Translators},
  year = {2012},
  url = {https://www.zotero.org/support/translators},
  urldate = {2016-04-16},
}

@article{AlternativeToJabRef,
  journaltitle = {AlternativeTo},
  journalsubtitle = {Crowdsourced software recommendations},
  title = {JabRef},
  subtitle = {JabRef is an open source bibliography reference manager.},
  year = {2016},
  url = {http://alternativeto.net/software/jabref/},
  urldate = {2016-05-06},
}

@article{JabRefCustomExportFilters,
  journaltitle = {JabRef/help.jabref.org},
  title = {Custom export filters},
  year = {2016},
  url = {http://help.jabref.org/en/CustomExports},
  urldate = {2016-05-06},
}

@book{Biernatova2011,
  author = {Olga Biernátová and Jan Skůpa},
  title = {Bibliografické odkazy a citace dokumentů dle ČSN ISO 690 (01 0197) platné od 1. dubna 2011},
  publisher = {Citace.com},
  address = {Brno},
  date = {2011-09-02},
  url = {http://www.citace.com/CSN-ISO-690.pdf},
  urldate = {2016-03-16},
}

@book{Bratkova2011,
  author = {Eva Bratková},
  title = {Citování informačních zdrojů a tvorba bibliografických referencí podle mezinárodní normy ISO 690:2010},
  version = {Verze 1.0},
  location = {Praha},
  publisher = {Ústav informačních studií a knihovnictví FF UK v Praze},
  date = {2011},
  url = {http://www1.cuni.cz/~brt/bibref/bibref.html},
  urldate = {2016-03-16},
}

@incollection{Stohr2010,
  author = {Stöhr, Matti},
  title = {Bibliothekarische Dienstleistungen für Literaturverwaltung},
  subtitle = {Eine vergleichende Analyse  des  Angebots  wissenschaftlicher  Bibliotheken  unter  besonderer  Berücksichtigung  der  Nutzerperspektive},
  titleaddon = {Library Services for Reference Management: A comparative analysis of the offerings of scholarly libraries under particular consideration of the user's perspective},
  editor = {Konrad Umlauf},
  booktitle = {Berliner Handreichungen zur Bibliotheks- und Informationswissenschaft},
  booktitleaddon = {Berlin handouts for Library and Information Science},
  series = {Berliner Handreichungen},
  number = {283},
  location = {Berlin},
  publisher = {Humboldt-Universität zu Berlin},
  date = {2010-11-18},
  pagetotal = {lxxii, 172},
  issn = {1438-7662},
  url = {http://edoc.hu-berlin.de/docviews/abstract.php?lang=ger&id=37360},
  urldate = {2016-05-09},
  langid = {german},
}