@thesis{Luptak2016,
AUTHOR = "Lupták, Dávid",
TITLE = "Sazba bibliografie dle normy ISO 690",
HOWPUBLISHED = "online",
URLDATE = "2016-06-14",
TYPE = "Bakalářská práce", 
SCHOOL = "Masarykova univerzita, Fakulta informatiky, Brno",
SUPERVISOR = "Petr Sojka", 
URL = "http://is.muni.cz/th/422640/fi_b/",
}

@misc{Ryan1998,
  title = {Saving Private Ryan},
  howpublished = {DVD},
  editora = {Steven Spielberg},
  editoratype = {Directed by},
  publisher = {Paramount},
  date = {1998}
}

@misc{LibreOfficeLatest,
  author = {Ruediger Timm and others},
  title = {Libre Office},
  howpublished = {software},
  publisher = {The Document Foundation},
  % labeldatesource = {Copyright (c)},
  date = {2000/2016},
  version = {5.2.3},
  url = {https://www.libreoffice.org/download/libreoffice-fresh},
  urldate = {2016-11-08},
  note = {System requirements: Linux kernel version 2.6.18 or higher,\dots\ 256Mb RAM (512Mb RAM recommended),\dots}
}

@patent{Groll2008,
  author = {Clad Metals LLC Canonsburg, PA 15317 (US)},
  title = {Method of making a copper core five-ply composite and cooking vessel},
  editora = {Groll, W.A.},
  editoratype = {Inventor:},
  publisher = {Google Patents},
  classification = {EP 1 094 937 B1},
  type = {patenteu},
  date = {2008-07-30},
  url = {https://encrypted.google.com/patents/EP1094937B1},
}

@inproceedings{Klimos2015minimal,
  author = {Miroslav Klimoš and Antonín Kučera},
  title = {Cobra},
  subtitle = {A Tool for Solving General Deductive Games},
  booktitle = {Proceedings of 20th International Conference on Logic for Programming, Artificial Intelligence and Reasoning (LPAR 2015)},
  publisher = {Springer},
  location = {Heidelberg},
  series = {LNCS},
  number = {9450},
  date = {2015},
  pages = {31--47},
  isbn = {978-3-662-48899-7},
  doi = {10.1007/978-3-662-48899-7_3},
  urldate = {2016-06-15},
}
